% Encoding: UTF-8


@Online{brachet:texmaker,
  Title                    = {Texmaker : original LaTeX editor since 2003 by the creator of Kile},
  Author                   = {Brachet, Pascal},
  URL                      = {http://www.xm1math.net/texmaker/},
  Urldate                  = {2015-11-30},
  Year                     = {2015}
}

@Online{JabRef:JabRef,
  Title                    = {JabRef},
  Author                   = {{JabRef contributers}},
  URL                      = {http://www.jabref.org},
  Urldate                  = {2015-01-12},
  Year                     = {2003-2015}
}

@Book{Knuth:TeXbook,
  Title                    = {The TeXBook},
  Author                   = {Donald E. Knuth},
  Publisher                = {Addison-Wesley},
  Date                     = {1986-05}
}

@Online{koch:texshop,
  Title                    = {TeXShop},
  Author                   = {Koch, Richard and others},
  URL                      = {http://pages.uoregon.edu/koch/texshop/},
  Urldate                  = {2015-11-30},
  Year                     = {2015}
}

@Book{kopka:latex,
  Title                    = {LaTeX. Band 1: Einführung},
  Author                   = {Kopka, Helmut},
  Publisher                = {Pearson Studium},
  Year                     = {2006},
  Address                  = {München},
  Edition                  = {3., überarb. Aufl., [Nachdr.]},
  ISBN                     = {3-8273-7038-8},
  Keywords                 = {LATEX <Programm>. LATEX 2E. LaTeX (Computer program). LATEX <Programm>. Programm. LATEX 2E},
  Pages                    = {XXII, 521 S.}
}

@Book{mittelbach_goossens:latex_begleiter,
  Title                    = {Der LaTeX-Begleiter},
  Author                   = {Mittelbach, Frank and Goossens, Michel},
  Editor                   = {Braams, Johannes},
  Publisher                = {Pearson Studium},
  Year                     = {2010},
  Address                  = {München [u.a.]},
  Edition                  = {2. überarb. und erw. Aufl., [Nachdr.]},
  ISBN                     = {978-3-8273-7166-9},
  Keywords                 = {LATEX <Programm>. LATEX <Programm>. Programm},
  Pages                    = {XXIX, 1137 S.}
}

@Online{schenk:miktex,
  Title                    = {MikTeX},
  Author                   = {Schenk, Christian},
  URL                      = {http://www.miktex.org},
  Urldate                  = {2015-11-30},
  Year                     = {2015}
}

@Online{schlosser:latex_tutorium,
  Title                    = {LaTeX für Studierende und Wissenschaftler: Ein Tutorial zum sicheren Einstieg in das Textsatzsystem},
  Author                   = {Schlosser, Joachim},
  URL                      = {https://www.lynda.com/de/Office-Productivity-Software-tutorials/LaTeX-Studierende-Wissenschaftler/394292-2.html},
  Urldate                  = {2017-11-02},
  Year                     = {2017},
  Address                  = {Graz},
  Pages                    = {Online-Ressource (Laufzeit: 5 Std. 40 min)},
  Publisher                = {video2brain},
  Type                     = {Videodokument}
}

@Book{schlosser:latex_buch,
  Title                    = {Wissenschaftliche Arbeiten schreiben mit LATEX: Leitfaden für Einsteiger},
  Author                   = {Schlosser, Joachim},
  Publisher                = {mitp-Verl.},
  Year                     = {2014},
  Address                  = {Heidelberg; München; Landsberg; Frechen; Hamburg},
  Edition                  = {5., überarb. Aufl.},
  ISBN                     = {978-3-8266-9486-8},
  Keywords                 = {Wissenschaftliches Manuskript. LATEX <Programm>. Programm. LaTeX (Computer file). Computerized typesetting. Technical writing},
  Pages                    = {324 S.}
}

@PhdThesis{Schmidt:Geschaeftsprozesse,
  Title                    = {{Aspektorientierte Komponentensysteme zur Unterstützung weitreichender Geschäftsprozesse}},
  Author                   = {Schmidt, Rainer},
  School                   = {{Institut für Programmstrukturen und Datenorganisation (IPD) Forschungszentrum Informatik, Karlsruhe (FZI)}},
  Year                     = {1999},
  URL                      = {https://publikationen.bibliothek.kit.edu/91999}
}

@Online{SAS:Citavi,
  Title                    = {Citavi - Wissen organisieren. Literatutverwaltung, Wissensorganisation und Aufgabenplanung},
  Author                   = {{Swiss Academic Software}},
  URL                      = {http://www.citavi.de},
  Urldate                  = {2016-01-12},
  Year                     = {2016}
}

@Online{tug:mactex,
  Title                    = {MacTex},
  Author                   = {{Tex User Group}},
  URL                      = {http://www.tug.org/mactex},
  Urldate                  = {2015-11-30},
  Year                     = {2015}
}

@Online{tug:texlive,
  Title                    = {TeX Live},
  Author                   = {{Tex User Group}},
  URL                      = {http://www.tug.org/texlive},
  Urldate                  = {2015-11-30},
  Year                     = {2015}
}

@Comment{jabref-meta: databaseType:biblatex;}

@Book{schiesser:javaEE7,
    Title = {Workshop Java EE 7},   
    Author = {Schießer, Marcus and Schmollinger, Martin},
    Publisher = {dpunkt.verlag},    
    Year = {2015},
    Address = {Heidelberg},
    Edition = {2., aktualisierte und erweiterte Auflage},
    ISBN = {978-3-86490-195-9},
    Pages = {1-13}
}

@Online{json:json,
    Title = {Introducing JSON},
    URL = {https://www.json.org/json-en.html},
    Urldate = {2022-08-11}
}

@Book{bradshaw:mongodb,
  title={MongoDB: the definitive guide: powerful and scalable data storage},
  author={Bradshaw, Shannon and Brazil, Eoin and Chodorow, Kristina},
  year={2019},
  publisher={O'Reilly Media}
}

@book{grindberg:flask,
  title={Flask web development: developing web applications with python},
  author={Grinberg, Miguel},
  year={2018},
  publisher={" O'Reilly Media, Inc."}
}

@book{van:python,
  title={Python tutorial},
  author={Van Rossum, Guido and Drake Jr, Fred L},
  volume={620},
  year={2020},
  publisher={Centrum voor Wiskunde en Informatica Amsterdam, The Netherlands}
}

@book{banks:react,
  title={Learning React: Modern Patterns for Developing React Apps},
  author={Banks, Alex and Porcello, Eve},
  year={2020},
  publisher={O'Reilly Media}
}

@Online{freecodecamp:redux,
    Title={What is Redux? Store, Actions, and Reducers Explained for Beginners},
    Author={De Roy, Soham},
    Year={2022},
    URL={https://www.freecodecamp.org/news/what-is-redux-store-actions-reducers-explained/},
    Urldate={2023-01-20}
}

@Online{db-engines:mongodb,
    Title={MongoDB Systemeigenschaften},
    Year={2023},
    URL={https://db-engines.com/de/system/MongoDB},
    Urldate={2023-01-30}
}

@Online{knowi:mongo_vis_tools,
    Title={Visualization Solutions For MongoDB},
    Author={Abueg, Ralf},
    Year={2020},
    URL={https://www.knowi.com/blog/visualization-solutions-for-mongodb/},
    Urldate={2023-01-30}
}

@Book{schicker:datenbanken,
    title = {Datenbanken und SQL},
    author = {Schicker, Edwin},
    year = {2017},
    Edition = {5. Auflage},
    Address = {Regensburg},
    ISBN = {978-3-658-16128-6},
    publisher = {Springer}
}

@Online{spring:spring-data-mongodb,
    Title={Spring Data MongoDB},
    Year={2023},
    URL={https://spring.io/projects/spring-data-mongodb},
    Urldate={2023-01-30}
}

@phdthesis{sverker:rest_comparison, 
    title={Performance of REST applications}, 
    author={Sverker, Söderlund}, 
    year={2017}
} 

@inproceedings{zepeda2007desktop,
  title={From desktop applications towards ajax web applications},
  author={Zepeda, J Sergio and Chapa, Sergio V},
  booktitle={2007 4th International Conference on Electrical and Electronics Engineering},
  pages={193--196},
  year={2007},
  organization={IEEE}
}

@article{khoirom2020comparative,
  title={Comparative analysis of Python and Java for beginners},
  author={Khoirom, Selina and Sonia, Moirangthem and Laikhuram, Borishphia and Laishram, Jaeson and Singh, Tekcham Davidson},
  journal={Int. Res. J. Eng. Technol},
  volume={7},
  number={8},
  pages={4384--4407},
  year={2020}
}

@Online{mongodb:pymongo,
    Title={PyMongo 4.3.3 Documentation},
    Year={2022},
    URL={https://github.com/mongodb/mongo-python-driver},
    Urldate={2023-01-30}
}

@Online{mui:mui,
    Title={MUI: The React component library you always wanted},
    Year={2023},
    URL={https://mui.com/},
    Urldate={2023-01-30}
}

@Online{tiangolo:uwsgi-nginx-flask,
    Title={uwsgi-nginx-flask},
    Year={2023},
    URL={https://hub.docker.com/r/tiangolo/uwsgi-nginx-flask},
    author={tiangolo}, 
    Urldate={2023-02-21}
}

@Online{heroku:heroku,
    Title={Heroku},
    Year={2023},
    URL={https://www.heroku.com},
    Urldate={2023-02-21}
}
